@article{ding2020advances,
  title={Advances on inorganic scintillator-based optic fiber dosimeters},
  author={Ding, Liang and Wu, Qiong and Wang, Qun and Li, Yamei and Perks, Richard M and Zhao, Liang},
  journal={EJNMMI physics},
  volume={7},
  number={1},
  pages={1--23},
  year={2020},
  publisher={SpringerOpen}
}

@article{swinth1976biomedical,
  title={Biomedical probe using a fiber-optic coupled scintillator},
  author={Swinth, KL and Ewins, JH},
  journal={Medical Physics},
  volume={3},
  number={2},
  pages={109--112},
  year={1976},
  publisher={Wiley Online Library}
}

@article{jang2011fiber,
  title={Fiber-optic radiation sensor for detection of tritium},
  author={Jang, KW and Cho, DH and Yoo, WJ and Seo, JK and Heo, JY and Park, J-Y and Lee, B},
  journal={Nuclear Instruments and Methods in Physics Research Section A: Accelerators, Spectrometers, Detectors and Associated Equipment},
  volume={652},
  number={1},
  pages={928--931},
  year={2011},
  publisher={Elsevier}
}
@article{martinez2017characterization,
  title={Characterization of YVO4: Eu3+ scintillator as detector for Fiber Optic Dosimetry},
  author={Mart{\'\i}nez, N and Rucci, A and Marcazz{\'o}, J and Molina, P and Santiago, M and Cravero, W},
  journal={Radiation Measurements},
  volume={106},
  pages={650--656},
  year={2017},
  publisher={Elsevier}
}

@article{zhuang2016embedded,
  title={Embedded structure fiber-optic radiation dosimeter for radiotherapy applications},
  author={Zhuang, Qin and Yaosheng, Hu and Yu, Ma and Wenhui, Zhao and Weimin, Sun and Daxin, Zhang and Ziyin, Chen and Elfed, Lewis},
  journal={Optics Express},
  volume={24},
  number={5},
  pages={5172--5185},
  year={2016},
  publisher={Optical Society of America}
}

@article{alharbi2018dosimetric,
  title={Dosimetric characterization of an inorganic optical fiber sensor for external beam radiation therapy},
  author={Alharbi, Majed and Gillespie, Sean and Woulfe, Peter and McCavana, Pat and Oâ€™Keeffe, Sinead and Foley, Mark},
  journal={IEEE Sensors Journal},
  volume={19},
  number={6},
  pages={2140--2147},
  year={2018},
  publisher={IEEE}
}

@article{van2002inorganic,
  title={Inorganic scintillators in medical imaging},
  author={Van Eijk, Carel WE},
  journal={Physics in medicine \& biology},
  volume={47},
  number={8},
  pages={R85},
  year={2002},
  publisher={IOP Publishing}
}

@article{cowen2008design,
  title={The design and imaging characteristics of dynamic, solid-state, flat-panel x-ray image detectors for digital fluoroscopy and fluorography},
  author={Cowen, AR and Davies, AG and Sivananthan, MU},
  journal={Clinical Radiology},
  volume={63},
  number={10},
  pages={1073--1085},
  year={2008},
  publisher={Elsevier}
}

@incollection{stajanca2019pof,
  title={POF and Radiation Sensing},
  author={Stajanca, Pavol},
  booktitle={Plastic Optical Fiber Sensors},
  pages={285--311},
  year={2019},
  publisher={CRC Press}
}

@article{ashraf2020dosimetry,
  title={Dosimetry for FLASH radiotherapy: a review of tools and the role of radioluminescence and Cherenkov emission},
  author={Ashraf, Muhammad Ramish and Rahman, Mahbubur and Zhang, Rongxiao and Williams, Benjamin B and Gladstone, David J and Pogue, Brian W and Bruza, Petr},
  journal={Frontiers in Physics},
  pages={328},
  year={2020},
  publisher={Frontiers}
}

@article{simon1992scintillating,
  title={Scintillating fibre detectors in particle physics},
  author={Simon, A},
  journal={Nucl. Instrum. Methods Phys. Res., A},
  volume={355},
  number={CERN-PPE-92-095},
  pages={351--358},
  year={1992},
  publisher={P00003484}
}

@book{eland2013photoelectron,
  title={Photoelectron spectroscopy: an introduction to ultraviolet photoelectron spectroscopy in the gas phase},
  author={Eland, John Hugh David},
  year={2013},
  publisher={Elsevier}
}

@article{robinson2020monte,
  title={Monte Carlo simulations of EBT3 film dose deposition for percentage depth dose (PDD) curve evaluation},
  author={Robinson, Spencer M and Esplen, Nolan and Wells, Derek and Bazalova-Carter, Magdalena},
  journal={Journal of Applied Clinical Medical Physics},
  volume={21},
  number={12},
  pages={314--324},
  year={2020},
  publisher={Wiley Online Library}
}

@article{ashraf2020dosimetry,
  title={Dosimetry for FLASH radiotherapy: a review of tools and the role of radioluminescence and Cherenkov emission},
  author={Ashraf, Muhammad Ramish and Rahman, Mahbubur and Zhang, Rongxiao and Williams, Benjamin B and Gladstone, David J and Pogue, Brian W and Bruza, Petr},
  journal={Frontiers in Physics},
  pages={328},
  year={2020},
  publisher={Frontiers}
}